<?xml version="1.0" encoding="UTF-8"?><collection xmlns="http://www.loc.gov/MARC21/slim"><record><leader>00437nam--2200133-i-4500</leader><controlfield tag="001">000005068</controlfield><controlfield tag="002">20161230</controlfield><controlfield tag="005">20161230201026</controlfield><controlfield tag="008">060222s1000------------r-----000-0-eng-d</controlfield><datafield ind1=" " ind2=" " tag="100"><subfield code="a">Beggs, G.E., Davis, R.E.And Davis, H.E</subfield></datafield><datafield ind1=" " ind2=" " tag="245"><subfield code="a">Tests on structural models of proposed san fra ncesco-oakland suspension bridge</subfield></datafield><datafield ind1=" " ind2=" " tag="260"><subfield code="a">Berkeley, University Of California Press, 1933 V + /108 P.</subfield></datafield><datafield ind1=" " ind2=" " tag="490"><subfield code="a">Univ.Calif.Publ.In Engg</subfield></datafield><datafield ind1=" " ind2=" " tag="852"><subfield code="a">15525</subfield></datafield></record></collection>